<?xml version="1.0" encoding="UTF-8"?><collection xmlns="http://www.loc.gov/MARC21/slim"><record><leader>00647nam--2200181-i-4500</leader><controlfield tag="001">000018677</controlfield><controlfield tag="002">20161230</controlfield><controlfield tag="005">20170106170048</controlfield><controlfield tag="008">060222s1000------------r-----000-0-eng-d</controlfield><datafield ind1=" " ind2=" " tag="040"><subfield code="a">IFIN-HH</subfield></datafield><datafield ind1=" " ind2=" " tag="080"><subfield code="a">539.12.04</subfield></datafield><datafield ind1="1" ind2=" " tag="100"><subfield code="a">Ebert, Michael</subfield></datafield><datafield ind1="1" ind2="0" tag="245"><subfield code="a">Radiation effects in physics, chemistry and biology</subfield><subfield code="b">Proceedings of the Second International Congress of Radiation Research Harrogate, Great Britain, August 5-11, 1962</subfield><subfield code="c">Michael Ebert, Alma Howard (eds.)</subfield></datafield><datafield ind1=" " ind2=" " tag="260"><subfield code="a">Amsterdam</subfield><subfield code="b">North-Holland Publishing Company</subfield><subfield code="c">1963</subfield></datafield><datafield ind1=" " ind2=" " tag="300"><subfield code="a">XIV + 510 p</subfield></datafield><datafield ind1="1" ind2=" " tag="700"><subfield code="a">Howard, Alma</subfield><subfield code="e">Ed</subfield></datafield><datafield ind1=" " ind2=" " tag="852"><subfield code="a">19783</subfield><subfield code="c">539.12.04</subfield></datafield><datafield ind1=" " ind2=" " tag="CAT"><subfield code="a">SYS</subfield><subfield code="c">20170106</subfield><subfield code="h">170048</subfield></datafield></record></collection>